@Manual{RCore:R:2007,
    title = {R: A Language and Environment for Statistical Computing},
    author = {{R Development Core Team}},
    organization = {R Foundation for Statistical Computing},
    address = {Vienna, Austria},
    year = {2007},
    note = {{ISBN} 3-900051-07-0},
    url = {http://www.R-project.org},
}

@Manual{Brown:dieharder:2007,
  author = 	 {Robert G. Brown},
  title = 	 {\texttt{dieharder}: {A} Random Number Test Suite},
  year =	 2007,
  url = 	 {http://www.phy.duke.edu/~rgb/General/dieharder.php},
  note 	= 	 {\proglang{C} program archive \pkg{dieharder}, version 2.24.3}
}

@Unpublished{Brown:dieharderpaper:2006,
  author = 	 {Robert G. Brown},
  title = 	 {Die\textsl{Harder}: {A} {G}nu Public Licensed Random Number 
		  Tester},
  year =	 2006,
  note = 	 {Draft paper included as file \texttt{manual/dieharder.tex} 
                  in the dieharder sources. Last version dated 20 Feb 2006.}
}

@Unpublished{Brown:Emails:2006,
  author = 	 {Robert G. Brown},
  year =	 2006,
  month =	 {August},
  title = 	 {Personal communication},
  note = 	 {Via email}
}

@Manual{gsl:2007,
  title 	= {The {GNU} {S}cientific {L}ibrary Reference Manual},
  author 	= {Mark Galassi and Brian Gough and Gerald Jungman and James Theiler and Jim Davies and Michael Booth and Fabrice Rossi},
  year 		= {2007},
  note          = {{ISBN} 0954161734; \proglang{C} program archive 
		  \pkg{gsl}, current version 1.9.0},  
  pages         = 620,
  url 		= {http://www.gnu.org/software/gsl},
}

@Manual{Eddelbuettel:random:2007,
  title 	= {\pkg{random}: {T}rue random numbers using random.org},
  author 	= {Dirk Eddelbuettel},
  year 		= {2007},
  note 		= {\proglang{R} package \pkg{random}, current version 0.1.2},
  url 		= {http://cran.r-project.org/src/contrib/Descriptions/random.html},
}

@Unpublished{Marsaglia:1996,
  author = 	 {George Marsaglia},
  title = 	 {The {M}arsaglia random number {CDROM} including the diehard battery of tests of randomness},
  year =	 1996,
  note = 	 {Also at \url{http://stat.fsu.edu/pub/diehard}.}
}
